@article{Cagetti2003,
author = {Cagetti, Marco},
title = {Wealth Accumulation Over the Life Cycle and Precautionary Savings},
journal = {Journal of Business \& Economic Statistics},
volume = {0},
number = {0},
pages = {15--57},
year = {2003}
}

@article{ShkStd,
author = {Sabelhaus, John. and Song, Jae.},
title = {The great moderation in micro labor earnings},
journal = {Journal of Monetary Economics},
volume = {57},
number = {0},
pages = {391--403},
year = {2010}
}